%% mybib.bib

@book{KN2012,
  author    = {Sven Oliver Krumke and
               Hartmut Noltemeier},
  title     = {Graphentheoretische Konzepte und Algorithmen, 3. Auflage},
  series    = {Leitf{\"{a}}den der Informatik},
  publisher = {Teubner},
  year      = {2012}
}

@book{TDDBX2002,
    author = {Kent Beck},
    title = {Test-Driven Development By Example},
    publisher = {Addison Wesley},
    year = {Addison Wesley}
}

@misc{pseudocode,
  title = {Pseudocode 'Dijkstra'},
  howpublished = {\url{https://en.wikipedia.org/wiki/Dijkstra%27s_algorithm#Pseudocode}},
  note = {Accessed: 2023-11-10}
}